%---------------------------------------------------------------------------%
%-                                                                         -%
%-                             Bibliography                                -%
%-                                                                         -%
%---------------------------------------------------------------------------%
@article{motohashi2017primordial,
  title={Primordial black holes and slow-roll violation},
  author={Motohashi, Hayato and Hu, Wayne},
  journal={Physical Review D},
  volume={96},
  number={6},
  pages={063503},
  year={2017},
  publisher={APS}
}

@article{musco2005computations,
  title={Computations of primordial black-hole formation},
  author={Musco, Ilia and Miller, John C and Rezzolla, Luciano},
  journal={Classical and Quantum Gravity},
  volume={22},
  number={7},
  pages={1405},
  year={2005},
  publisher={IOP Publishing}
}

@article{musco2009primordial,
  title={Primordial black hole formation in the radiative era: Investigation of the critical nature of the collapse},
  author={Musco, Ilia and Miller, John C and Polnarev, Alexander G},
  journal={Classical and Quantum Gravity},
  volume={26},
  number={23},
  pages={235001},
  year={2009},
  publisher={IOP Publishing}
}

@article{musco2013primordial,
  title={Primordial black hole formation in the early universe: critical behaviour and self-similarity},
  author={Musco, Ilia and Miller, John C},
  journal={Classical and Quantum Gravity},
  volume={30},
  number={14},
  pages={145009},
  year={2013},
  publisher={IOP Publishing}
}

@article{harada2013threshold,
  title={Threshold of primordial black hole formation},
  author={Harada, Tomohiro and Yoo, Chul-Moon and Kohri, Kazunori},
  journal={Physical Review D},
  volume={88},
  number={8},
  pages={084051},
  year={2013},
  publisher={APS}
}

@article{press1974formation,
  title={Formation of galaxies and clusters of galaxies by self-similar gravitational condensation},
  author={Press, William H and Schechter, Paul},
  journal={The Astrophysical Journal},
  volume={187},
  pages={425--438},
  year={1974}
}

@article{aghanim2018planck,
  title={Planck 2018 results. VI. Cosmological parameters},
  author={Aghanim, N and Akrami, Y and Ashdown, M and Aumont, J and Baccigalupi, C and Ballardini, M and Banday, AJ and Barreiro, RB and Bartolo, N and Basak, S and others},
  journal={arXiv preprint arXiv:1807.06209},
  year={2018}
}

@article{green1997constraints,
  title={Constraints on the density perturbation spectrum from primordial black holes},
  author={Green, Anne M and Liddle, Andrew R},
  journal={Physical Review D},
  volume={56},
  number={10},
  pages={6166},
  year={1997},
  publisher={APS}
}

@misc{carr1975primordial,
  title={The primordial black hole mass spectrum},
  author={Carr, Bernard J},
  year={1975},
  publisher={Press}
}

@article{akrami2018planck,
    title={Planck 2018 results. X. Constraints on inflation},
    author={Akrami, Y and Arroja, F and Ashdown, M and Aumont, J and Baccigalupi, C and Ballardini, M and Banday, AJ and Barreiro, RB and Bartolo, N and Basak, S and others},
    journal={arXiv preprint arXiv:1807.06211},
    year={2018}
}

@incollection{linde2008inflationary,
    title={Inflationary cosmology},
    author={Linde, Andrei},
    booktitle={Inflationary Cosmology},
    pages={1--54},
    year={2008},
    publisher={Springer}
}
@article{ketov2016susy,
    title={On SUSY restoration in single-superfield inflationary models of supergravity},
    author={Ketov, Sergei V and Terada, Takahiro},
    journal={The European Physical Journal C},
    volume={76},
    number={8},
    pages={438},
    year={2016},
    publisher={Springer}
}

@article{krasnikov1987supersymmetry,
    title={On supersymmetry breaking in superstring theories},
    author={Krasnikov, NV},
    journal={Physics Letters B},
    volume={193},
    number={1},
    pages={37--40},
    year={1987},
    publisher={Elsevier}
}

@article{escoda2003saltatory,
    title={Saltatory de Sitter string vacua},
    author={Escoda, Cristina and G{\'o}mez-Reino, Marta and Quevedo, Fernando},
    journal={Journal of High Energy Physics},
    volume={2003},
    number={11},
    pages={065},
    year={2003},
    publisher={IOP Publishing}
}

@article{blanco2005racetrack,
    title={Racetrack inflation},
    author={Blanco-Pillado, Jose J and Burgess, Clifford P and Cline, James M and Escoda, Cristina and G{\'o}mez-Reino, Marta and Kallosh, Renata and Linde, Andrei D and Quevedo, Fernando},
    journal={Journal of High Energy Physics},
    volume={2004},
    number={11},
    pages={063},
    year={2005},
    publisher={IOP Publishing}
}

@article{gao2015inflection,
    title={Inflection point inflation and dark energy in supergravity},
    author={Gao, Tie-Jun and Guo, Zong-Kuan},
    journal={Physical Review D},
    volume={91},
    number={12},
    pages={123502},
    year={2015},
    publisher={APS}
}

@article{germani2017primordial,
    title={On primordial black holes from an inflection point},
    author={Germani, Cristiano and Prokopec, Tomislav},
    journal={Physics of the dark universe},
    volume={18},
    pages={6--10},
    year={2017},
    publisher={Elsevier}
}

@article{dimopoulos2017ultra,
    title={Ultra slow-roll inflation demystified},
    author={Dimopoulos, Konstantinos},
    journal={Physics Letters B},
    volume={775},
    pages={262--265},
    year={2017},
    publisher={Elsevier}
}

@article{gao2018primordial,
    title={Primordial black hole production in inflationary models of supergravity with a single chiral superfield},
    author={Gao, Tie-Jun and Guo, Zong-Kuan},
    journal={Physical Review D},
    volume={98},
    number={6},
    pages={063526},
    year={2018},
    publisher={APS}
}

@article{bunch1978quantum,
    title={Quantum field theory in de Sitter space: renormalization by point-splitting},
    author={Bunch, Timothy S and Davies, Paul CW},
    journal={Proceedings of the Royal Society of London. A. Mathematical and Physical Sciences},
    volume={360},
    number={1700},
    pages={117--134},
    year={1978},
    publisher={The Royal Society London}
}

@article{ballesteros2018primordial,
    title={Primordial black hole dark matter from single field inflation},
    author={Ballesteros, Guillermo and Taoso, Marco},
    journal={Physical Review D},
    volume={97},
    number={2},
    pages={023501},
    year={2018},
    publisher={APS}
}

@article{ananda2007cosmological,
    title={Cosmological gravitational wave background from primordial density perturbations},
    author={Ananda, Kishore N and Clarkson, Chris and Wands, David},
    journal={Physical Review D},
    volume={75},
    number={12},
    pages={123518},
    year={2007},
    publisher={APS}
}


@article{baumann2007gravitational,
    title={Gravitational wave spectrum induced by primordial scalar perturbations},
    author={Baumann, Daniel and Steinhardt, Paul and Takahashi, Keitaro and Ichiki, Kiyotomo},
    journal={Physical Review D},
    volume={76},
    number={8},
    pages={084019},
    year={2007},
    publisher={APS}
}

@article{kodama1984cosmological,
    title={Cosmological perturbation theory},
    author={Kodama, Hideo and Sasaki, Misao},
    journal={Progress of Theoretical Physics Supplement},
    volume={78},
    pages={1--166},
    year={1984},
    publisher={Oxford University Press}
}

@article{mukhanov1992theory,
    title={Theory of cosmological perturbations},
    author={Mukhanov, Viatcheslav F and Feldman, Hume A and Brandenberger, Robert Hans},
    journal={Physics Reports},
    volume={215},
    number={5-6},
    pages={203--333},
    year={1992},
    publisher={Elsevier}
}

@article{kohri2018semianalytic,
    title={Semianalytic calculation of gravitational wave spectrum nonlinearly induced from primordial curvature perturbations},
    author={Kohri, Kazunori and Terada, Takahiro},
    journal={Physical Review D},
    volume={97},
    number={12},
    pages={123532},
    year={2018},
    publisher={APS}
}

@article{leach2002cosmological,
    title={Cosmological parameter estimation and the inflationary cosmology},
    author={Leach, Samuel M and Liddle, Andrew R and Martin, Jerome and Schwarz, Dominik J},
    journal={Physical Review D},
    volume={66},
    number={2},
    pages={023515},
    year={2002},
    publisher={APS}
}

@article{schwarz2004primordial,
    title={Primordial fluctuations and cosmological inflation after WMAP 1.0},
    author={Schwarz, Dominik J and Terrero-Escalante, Cesar A},
    journal={Journal of Cosmology and Astroparticle Physics},
    volume={2004},
    number={08},
    pages={003},
    year={2004},
    publisher={IOP Publishing}
}

@article{amaro2017laser,
    title={Laser interferometer space antenna},
    author={Amaro-Seoane, Pau and Audley, Heather and Babak, Stanislav and Baker, John and Barausse, Enrico and Bender, Peter and Berti, Emanuele and Binetruy, Pierre and Born, Michael and Bortoluzzi, Daniele and others},
    journal={arXiv preprint arXiv:1702.00786},
    year={2017}
}

@article{guo2018taiji,
    title={Taiji Program: Gravitational-Wave Sources},
    author={Guo, Zong-Kuan and Cai, Rong-Gen and Zhang, Yuan-Zhong},
    journal={arXiv preprint arXiv:1807.09495},
    year={2018}
}

@incollection{freedman1989progress,
    title={Progress toward a theory of supergravity},
    author={Freedman, Daniel Z and Nieuwenhuizen, P van and Ferrara, Sergio},
    booktitle={Supergravities in Diverse Dimensions: Commentary and Reprints (In 2 Volumes)},
    pages={512--516},
    year={1989},
    publisher={World Scientific}
}

@article{deser1976consistent,
    title={Consistent supergravity},
    author={Deser, Stanley D and Zumino, Bruno},
    journal={Phys. Lett. B},
    volume={62},
    number={CERN-TH-2164},
    pages={335--337},
    year={1976}
}

@book{wess1992supersymmetry,
    title={Supersymmetry and supergravity},
    author={Wess, Julius and Bagger, Jonathan},
    year={1992},
    publisher={Princeton university press}
}

@article{yamaguchi2011supergravity,
    title={Supergravity-based inflation models: a review},
    author={Yamaguchi, Masahide},
    journal={Classical and Quantum Gravity},
    volume={28},
    number={10},
    pages={103001},
    year={2011},
    publisher={IOP Publishing}
}

@article{stewart1995inflation,
    title={Inflation, supergravity, and superstrings},
    author={Stewart, Ewan D},
    journal={Physical Review D},
    volume={51},
    number={12},
    pages={6847},
    year={1995},
    publisher={APS}
}

@article{linde1994hybrid,
    title={Hybrid inflation},
    author={Linde, Andrei},
    journal={Physical Review D},
    volume={49},
    number={2},
    pages={748},
    year={1994},
    publisher={APS}
}

@article{linde1997hybrid,
    title={Hybrid inflation in supergravity},
    author={Linde, Andrei and Riotto, Antonio},
    journal={Physical Review D},
    volume={56},
    number={4},
    pages={R1841},
    year={1997},
    publisher={APS}
}

@article{panagiotakopoulos1997hybrid,
    title={Hybrid inflation with quasi-canonical supergravity},
    author={Panagiotakopoulos, C},
    journal={Physics Letters B},
    volume={402},
    number={3-4},
    pages={257--262},
    year={1997},
    publisher={Elsevier}
}

@article{takahashi2010linear,
    title={Linear inflation from running kinetic term in supergravity},
    author={Takahashi, Fuminobu},
    journal={Physics Letters B},
    volume={693},
    number={2},
    pages={140--143},
    year={2010},
    publisher={Elsevier}
}

@article{nakayama2010running,
    title={Running kinetic inflation},
    author={Nakayama, Kazunori and Takahashi, Fuminobu},
    journal={Journal of Cosmology and Astroparticle Physics},
    volume={2010},
    number={11},
    pages={009},
    year={2010},
    publisher={IOP Publishing}
}

@article{kasuya2014flat,
    title={Flat direction inflation with running kinetic term and baryogenesis},
    author={Kasuya, Shinta and Takahashi, Fuminobu},
    journal={Physics Letters B},
    volume={736},
    pages={526--532},
    year={2014},
    publisher={Elsevier}
}

@article{allahverdi2006gauge,
    title={Gauge-invariant inflaton in the minimal supersymmetric standard model},
    author={Allahverdi, Rouzbeh and Enqvist, Kari and Garcia-Bellido, Juan and Mazumdar, Anupam},
    journal={Physical review letters},
    volume={97},
    number={19},
    pages={191304},
    year={2006},
    publisher={APS}
}

@article{allahverdi2007term,
    title={A-term inflation and the smallness of the neutrino masses},
    author={Allahverdi, Rouzbeh and Kusenko, Alexander and Mazumdar, Anupam},
    journal={Journal of Cosmology and Astroparticle Physics},
    volume={2007},
    number={07},
    pages={018},
    year={2007},
    publisher={IOP Publishing}
}

@article{enqvist2010inflection,
    title={Inflection point inflation within supersymmetry},
    author={Enqvist, Kari and Mazumdar, Anupam and Stephens, Philip},
    journal={Journal of Cosmology and Astroparticle Physics},
    volume={2010},
    number={06},
    pages={020},
    year={2010},
    publisher={IOP Publishing}
}

@article{hotchkiss2012observable,
    title={Observable gravitational waves from inflation with small field excursions},
    author={Hotchkiss, Shaun and Mazumdar, Anupam and Nadathur, Seshadri},
    journal={Journal of Cosmology and Astroparticle Physics},
    volume={2012},
    number={02},
    pages={008},
    year={2012},
    publisher={IOP Publishing}
}

@article{chatterjee2015bound,
    title={Bound on largest r≲ 0.1 from sub-Planckian excursions of inflaton},
    author={Chatterjee, Arindam and Mazumdar, Anupam},
    journal={Journal of Cosmology and Astroparticle Physics},
    volume={2015},
    number={01},
    pages={031},
    year={2015},
    publisher={IOP Publishing}
}

@article{nakayama2013polynomial,
    title={Polynomial chaotic inflation in supergravity},
    author={Nakayama, Kazunori and Takahashi, Fuminobu and Yanagida, Tsutomu T},
    journal={Journal of Cosmology and Astroparticle Physics},
    volume={2013},
    number={08},
    pages={038},
    year={2013},
    publisher={IOP Publishing}
}

@article{kawasaki2000natural,
    title={Natural chaotic inflation in supergravity},
    author={Kawasaki, M and Yamaguchi, Masahide and Yanagida, T},
    journal={Physical review letters},
    volume={85},
    number={17},
    pages={3572},
    year={2000},
    publisher={APS}
}

@article{kawasaki2001natural,
    title={Natural chaotic inflation in supergravity and leptogenesis},
    author={Kawasaki, M and Yamaguchi, Masahide and Yanagida, T},
    journal={Physical Review D},
    volume={63},
    number={10},
    pages={103514},
    year={2001},
    publisher={APS}
}

@article{kallosh2010new,
    title={New models of chaotic inflation in supergravity},
    author={Kallosh, Renata and Linde, Andrei},
    journal={journal of Cosmology and Astroparticle Physics},
    volume={2010},
    number={11},
    pages={011},
    year={2010},
    publisher={IOP Publishing}
}

@article{kallosh2011general,
    title={General inflaton potentials in supergravity},
    author={Kallosh, Renata and Linde, Andrei and Rube, Tomas},
    journal={Physical Review D},
    volume={83},
    number={4},
    pages={043507},
    year={2011},
    publisher={APS}
}

@article{schwarz2001higher,
    title={Higher order corrections to primordial spectra from cosmological inflation},
    author={Schwarz, Dominik J and Terrero-Escalante, Cesar A and Garc{\i}́a, Alberto A},
    journal={Physics Letters B},
    volume={517},
    number={3-4},
    pages={243--249},
    year={2001},
    publisher={Elsevier}
}

%---------------------------------------------------------------------------%
